
@article{14,
  title   = {StyleGAN-NADA: CLIP-Guided Domain Adaptation of Image Generators},
  author  = {Gal, Rinon and Patashnik, Or and Maron, Haggai and Bermano, Amit H and Chechik, Gal and Cohen-Or, Daniel},
  journal = {ACM Transactions on Graphics (TOG)},
  volume  = {41},
  number  = {4},
  pages   = {1--13},
  year    = {2022}
}
@inproceedings{2,
  title     = {Rewriting a Deep Generative Model},
  author    = {Bau, David and Liu, Steven and Wang, Tongzhou and Zhu, Jun-Yan and Torralba, Antonio},
  booktitle = {Proceedings of the European Conference on Computer Vision (ECCV)},
  year      = {2020}
}
@article{21,
  title  = {NSFW Detection Machine Learning Model},
  author = {Laborde, Gant},
  year   = {2022}
}

@inproceedings{23,
  title     = {Locating and Editing Factual Associations in GPT},
  author    = {Meng, Kevin and Bau, David and Andonian, Alex J and Belinkov, Yonatan},
  booktitle = {Advances in Neural Information Processing Systems},
  year      = {2022}
}

@inproceedings{24,
  title     = {Fast Model Editing at Scale},
  author    = {Mitchell, Eric and Lin, Charles and Bosselut, Antoine and Finn, Chelsea and Manning, Christopher D},
  booktitle = {International Conference on Learning Representations},
  year      = {2021}
}

@article{25,
  title   = {GLIDE: Towards Photorealistic Image Generation and Editing with Text-Guided Diffusion Models},
  author  = {Nichol, Alex and Dhariwal, Prafulla and Ramesh, Aditya and Shyam, Pranav and Mishkin, Pamela and McGrew, Bob and Sutskever, Ilya and Chen, Mark},
  journal = {arXiv preprint arXiv:2112.10741},
  year    = {2021}
}

@article{26,
  title  = {Stable Diffusion 1 vs 2 - What You Need to Know},
  author = {O'Connor, Ryan},
  year   = {2022}
}


@article{27,
  title  = {DALL-E 2 Preview - Risks and Limitations},
  author = {OpenAI},
  year   = {2022}
}

@article{29,
  title   = {Red-Teaming the Stable Diffusion Safety Filter},
  author  = {Rando, Javier and Paleka, Daniel and Lindner, David and Heim, Lennard and Tramèr, Florian},
  journal = {arXiv preprint arXiv:2210.04610},
  year    = {2022}
}

@inproceedings{3,
  title     = {NudeNet: Neural Nets for Nudity Detection and Censoring},
  author    = {Bedapudi, Praneeth},
  booktitle = {2022},
  year      = {2022}
}

@article{30,
  title  = {Stable Diffusion 2.0 Release},
  author = {Rombach, Robin},
  year   = {2022}
}

@article{33,
  title  = {Stable Diffusion V2 Model Card},
  author = {Rombach, Robin and Esser, Patrick},
  year   = {2022}
}


@article{36,
  title   = {Raising the Cost of Malicious AI-Powered Image Editing},
  author  = {Salman, Hadi and Khaddaj, Alaa and Leclerc, Guillaume and Ilyas, Andrew and Madry, Aleksander},
  journal = {arXiv preprint arXiv:2302.06588},
  year    = {2023}
}

@article{38,
  title   = {Safe Latent Diffusion: Mitigating Inappropriate Degeneration in Diffusion Models},
  author  = {Schramowski, Patrick and Brack, Manuel and Deiseroth, Björn and Kersting, Kristian},
  journal = {arXiv preprint arXiv:2211.05105},
  year    = {2022}
}

@article{39,
  title   = {LAION-5B: An Open Large-Scale Dataset for Training Next Generation Image-Text Models},
  author  = {Schuhmann, Christoph and Beaumont, Romain and Vencu, Richard and Gordon, Cade W and Wightman, Ross and Cherti, Mehdi and Coombes, Theo and Katta, Aarush and Mullis, Clayton and Wortsman, Mitchell and others},
  journal = {Thirty-sixth Conference on Neural Information Processing Systems Datasets and Benchmarks Track},
  year    = {2022}
}

@article{42,
  title   = {GLAZE: Protecting Artists from Style Mimicry by Text-to-Image Models},
  author  = {Shan, Shawn and Cryan, Jenna and Wenger, Emily and Zheng, Haitao and Hanocka, Rana and Zhao, Ben Y},
  journal = {arXiv preprint arXiv:2302.04222},
  year    = {2023}
}

@article{43,
  title  = {Tutorial: How to Remove the Safety Filter in 5 Seconds},
  author = {SmithMano},
  year   = {2022}
}

@inproceedings{46,
  title     = {Sketch Your Own GAN},
  author    = {Wang, Sheng-Yu and Bau, David and Zhu, Jun-Yan},
  booktitle = {Proceedings of the IEEE/CVF International Conference on Computer Vision},
  pages     = {14050--14060},
  year      = {2021}
}

@article{47,
  title   = {Rewriting Geometric Rules of a GAN},
  author  = {Wang, Sheng-Yu and Bau, David and Zhu, Jun-Yan},
  journal = {ACM Transactions on Graphics (TOG)},
  volume  = {41},
  number  = {4},
  pages   = {1--16},
  year    = {2022}
}

@inproceedings{7,
  title     = {Knowledge Neurons in Pretrained Transformers},
  author    = {Dai, Damai and Dong, Li and Hao, Yaru and Sui, Zhifang and Chang, Baobao and Wei, Furu},
  booktitle = {Proceedings of the 60th Annual Meeting of the Association for Computational Linguistics (Volume 1: Long Papers)},
  pages     = {8493--8502},
  year      = {2022}
}


@inproceedings{8,
  title     = {Editing Factual Knowledge in Language Models},
  author    = {De Cao, Nicola and Aziz, Wilker and Titov, Ivan},
  booktitle = {Proceedings of the 2021 Conference on Empirical Methods in Natural Language Processing},
  pages     = {6491--6506},
  year      = {2021}
}

@article{breakAscene,
  title       = {Break-A-Scene: Extracting Multiple Concepts from a Single Image},
  author      = {Avrahami, Omri and Aberman, Kfir and Fried, Ohad and Cohen-Or, Daniel and Lischinski, Dani},
  journal     = {arXiv preprint arXiv:2305.16311},
  version     = {2},
  year        = {2023},
  month       = {Oct},
  day         = {4},
  doi         = {10.48550/arXiv.2305.16311},
  comment     = {SIGGRAPH Asia 2023. Project page and video available},
  subjects    = {Computer Vision and Pattern Recognition (cs.CV); Graphics (cs.GR); Machine Learning (cs.LG)},
  url         = {https://doi.org/10.48550/arXiv.2305.16311},
  related_doi = {https://doi.org/10.1145/3610548.3618154}
}

@article{CFG,
  title    = {Classifier-Free Diffusion Guidance},
  author   = {Ho, Jonathan and Salimans, Tim},
  journal  = {arXiv preprint arXiv:2207.12598},
  version  = {1},
  year     = {2022},
  month    = {Jul},
  day      = {26},
  doi      = {10.48550/arXiv.2207.12598},
  comment  = {A short version of this paper appeared in the NeurIPS 2021 Workshop on Deep Generative Models and Downstream Applications},
  subjects = {Machine Learning (cs.LG); Artificial Intelligence (cs.AI)},
  url      = {https://doi.org/10.48550/arXiv.2207.12598}
}

@article{CLIP,
  title    = {Learning Transferable Visual Models From Natural Language Supervision},
  author   = {Radford, Alec and Kim, Jong Wook and Hallacy, Chris and Ramesh, Aditya and Goh, Gabriel and Agarwal, Sandhini and Sastry, Girish and Askell, Amanda and Mishkin, Pamela and Clark, Jack and Krueger, Gretchen and Sutskever, Ilya},
  journal  = {arXiv preprint arXiv:2103.00020},
  version  = {1},
  year     = {2021},
  month    = {Feb},
  day      = {26},
  doi      = {10.48550/arXiv.2103.00020},
  subjects = {Computer Vision and Pattern Recognition (cs.CV); Machine Learning (cs.LG)},
  url      = {https://doi.org/10.48550/arXiv.2103.00020}
}

@article{ControlNet,
  title    = {Adding Conditional Control to Text-to-Image Diffusion Models},
  author   = {Zhang, Lvmin and Rao, Anyi and Agrawala, Maneesh},
  journal  = {arXiv preprint arXiv:2302.05543},
  version  = {3},
  year     = {2023},
  month    = {Nov},
  day      = {26},
  doi      = {10.48550/arXiv.2302.05543},
  comment  = {Codes and Supplementary Material available},
  subjects = {Computer Vision and Pattern Recognition (cs.CV); Artificial Intelligence (cs.AI); Graphics (cs.GR); Human-Computer Interaction (cs.HC); Multimedia (cs.MM)},
  url      = {https://doi.org/10.48550/arXiv.2302.05543}
}

@article{customDiffusion,
  title    = {Multi-Concept Customization of Text-to-Image Diffusion},
  author   = {Kumari, Nupur and Zhang, Bingliang and Zhang, Richard and Shechtman, Eli and Zhu, Jun-Yan},
  journal  = {arXiv preprint arXiv:2212.04488},
  version  = {2},
  year     = {2023},
  month    = {Jun},
  day      = {20},
  doi      = {10.48550/arXiv.2212.04488},
  comment  = {Updated with results on the new CustomConcept101 dataset. Project webpage available},
  subjects = {Computer Vision and Pattern Recognition (cs.CV); Graphics (cs.GR); Machine Learning (cs.LG)},
  url      = {https://doi.org/10.48550/arXiv.2212.04488}
}

@article{DDPM,
  title    = {Denoising Diffusion Probabilistic Models},
  author   = {Ho, Jonathan and Jain, Ajay and Abbeel, Pieter},
  journal  = {arXiv preprint arXiv:2006.11239},
  version  = {2},
  year     = {2020},
  month    = {Dec},
  day      = {16},
  doi      = {10.48550/arXiv.2006.11239},
  subjects = {Machine Learning (cs.LG); Machine Learning (stat.ML)},
  url      = {https://doi.org/10.48550/arXiv.2006.11239}
}

@inproceedings{dhariwal2021diffusion,
  title     = {Diffusion Models Beat GANs on Image Synthesis},
  author    = {Dhariwal, Prafulla and Nichol, Alexander},
  booktitle = {Advances in Neural Information Processing Systems},
  volume    = {34},
  pages     = {8780--8794},
  year      = {2021}
}

@article{dreambooth,
  title    = {DreamBooth: Fine Tuning Text-to-Image Diffusion Models for Subject-Driven Generation},
  author   = {Ruiz, Nataniel and Li, Yuanzhen and Jampani, Varun and Pritch, Yael and Rubinstein, Michael and Aberman, Kfir},
  journal  = {arXiv preprint arXiv:2208.12242},
  version  = {2},
  year     = {2023},
  month    = {Mar},
  day      = {15},
  doi      = {10.48550/arXiv.2208.12242},
  comment  = {Published at CVPR 2023. Project page available},
  subjects = {Computer Vision and Pattern Recognition (cs.CV); Graphics (cs.GR); Machine Learning (cs.LG)},
  url      = {https://doi.org/10.48550/arXiv.2208.12242}
}

@misc{glide,
  title  = {GLIDE: Towards Photorealistic Image Generation and Editing with Text-Guided Diffusion Models},
  author = {Nichol, Alex and Dhariwal, Prafulla and Ramesh, Aditya and Shyam, Pranav and Mishkin, Pamela and McGrew, Bob and Sutskever, Ilya and Chen, Mark},
  year   = {2022},
  note   = {Available at SSRN}
}

@inproceedings{Goodfellow2014,
  author    = {Ian Goodfellow and Jean Pouget-Abadie and Mehdi Mirza and Bing Xu and David Warde-Farley and Sherjil Ozair and Aaron Courville and Yoshua Bengio},
  title     = {Generative Adversarial Nets},
  booktitle = {Advances in Neural Information Processing Systems},
  volume    = {27},
  year      = {2014},
  editor    = {Z. Ghahramani and M. Welling and C. Cortes and N. Lawrence and K.Q. Weinberger},
  publisher = {Curran Associates, Inc.},
  url       = {https://proceedings.neurips.cc/paper_files/paper/2014/file/5ca3e9b122f61f8f06494c97b1afccf3-Paper.pdf}
}

@article{Kingma2013,
  author  = {Diederik P. Kingma and Max Welling},
  title   = {Auto-Encoding Variational Bayes},
  journal = {CoRR},
  volume  = {abs/1312.6114},
  year    = {2013},
  url     = {http://arxiv.org/abs/1312.6114}
}

@inproceedings{kingma2021variational,
  title     = {Variational Diffusion Models},
  author    = {Kingma, Diederik and Salimans, Tim and Poole, Ben and Ho, Jonathan},
  booktitle = {Advances in Neural Information Processing Systems},
  volume    = {34},
  pages     = {21696--21707},
  year      = {2021}
}

@article{LDM,
  title    = {High-Resolution Image Synthesis with Latent Diffusion Models},
  author   = {Rombach, Robin and Blattmann, Andreas and Lorenz, Dominik and Esser, Patrick and Ommer, Bj{\"o}rn},
  journal  = {arXiv preprint arXiv:2112.10752},
  version  = {2},
  year     = {2022},
  month    = {Apr},
  day      = {13},
  doi      = {10.48550/arXiv.2112.10752},
  comment  = {CVPR 2022},
  subjects = {Computer Vision and Pattern Recognition (cs.CV)},
  url      = {https://doi.org/10.48550/arXiv.2112.10752}
}

@misc{midjourney2023,
  title        = {Midjourney},
  author       = {{Midjourney}},
  year         = {2023},
  howpublished = {\url{https://www.midjourney.com/}},
  note         = {Accessed: 2023-09-30}
}

@misc{openai2023dalle2,
  title        = {DALL·E 2},
  author       = {{OpenAI}},
  year         = {2023},
  howpublished = {\url{https://openai.com/product/dall-e-2}},
  note         = {Accessed: 2023-09-30}
}

@article{reVersion,
  title    = {ReVersion: Diffusion-Based Relation Inversion from Images},
  author   = {Huang, Ziqi and Wu, Tianxing and Jiang, Yuming and Chan, Kelvin C.K. and Liu, Ziwei},
  journal  = {arXiv preprint arXiv:2303.13495},
  version  = {1},
  year     = {2023},
  month    = {Mar},
  day      = {23},
  doi      = {10.48550/arXiv.2303.13495},
  comment  = {First two authors contributed equally. Project page and code available},
  subjects = {Computer Vision and Pattern Recognition (cs.CV)},
  url      = {https://doi.org/10.48550/arXiv.2303.13495}
}

@article{saharia2022photorealistic,
  title   = {Photorealistic Text-to-Image Diffusion Models with Deep Language Understanding},
  author  = {Saharia, Chitwan and Chan, William and Saxena, Saurabh and Li, Lala and Whang, Jay and Denton, Emily and Ghasemipour, Seyed Kamyar Seyed and Ayan, Burcu Karagol and Mahdavi, S Sara and Lopes, Rapha Gontijo and others},
  journal = {arXiv preprint arXiv:2205.11487},
  year    = {2022}
}

@article{SINE,
  title    = {SINE: SINgle Image Editing with Text-to-Image Diffusion Models},
  author   = {Zhang, Zhixing and Han, Ligong and Ghosh, Arnab and Metaxas, Dimitris and Ren, Jian},
  journal  = {arXiv preprint arXiv:2212.04489},
  version  = {1},
  year     = {2022},
  month    = {Dec},
  day      = {8},
  doi      = {10.48550/arXiv.2212.04489},
  comment  = {Project website available},
  subjects = {Computer Vision and Pattern Recognition (cs.CV); Artificial Intelligence (cs.AI)},
  url      = {https://doi.org/10.48550/arXiv.2212.04489}
}

@inproceedings{Sohl-Dickstein2015,
  author    = {Jascha Sohl-Dickstein and Eric Weiss and Niru Maheswaranathan and Surya Ganguli},
  title     = {Deep Unsupervised Learning using Nonequilibrium Thermodynamics},
  booktitle = {Proceedings of the 32nd International Conference on Machine Learning (Proceedings of Machine Learning Research, Vol. 37)},
  editor    = {Francis Bach and David Blei},
  pages     = {2256--2265},
  year      = {2015},
  publisher = {PMLR},
  address   = {Lille, France},
  url       = {https://proceedings.mlr.press/v37/sohl-dickstein15.html}
}

@misc{stablediffusionv15,
  title        = {Stable Diffusion v1.5 Model Card},
  author       = {{RunwayML}},
  year         = {2022},
  howpublished = {\url{https://huggingface.co/runwayml/stable-diffusion-v1-5}},
  note         = {Accessed: 2022-09-30}
}

@article{TextualInversion,
  title    = {An Image is Worth One Word: Personalizing Text-to-Image Generation using Textual Inversion},
  author   = {Gal, Rinon and Alaluf, Yuval and Atzmon, Yuval and Patashnik, Or and Bermano, Amit H. and Chechik, Gal and Cohen-Or, Daniel},
  journal  = {arXiv preprint arXiv:2208.01618},
  version  = {1},
  year     = {2022},
  month    = {Aug},
  day      = {2},
  doi      = {10.48550/arXiv.2208.01618},
  comment  = {Project page available},
  subjects = {Computer Vision and Pattern Recognition (cs.CV); Computation and Language (cs.CL); Graphics (cs.GR); Machine Learning (cs.LG)},
  url      = {https://doi.org/10.48550/arXiv.2208.01618}
}

@article{weng2021diffusion,
  title   = {What are diffusion models?},
  author  = {Weng, Lilian},
  journal = {lilianweng.github.io},
  year    = {2021},
  month   = {Jul},
  url     = {https://lilianweng.github.io/posts/2021-07-11-diffusion-models/}
}


@article{sdedit2021,
  title={SDedit: Guided Image Synthesis and Editing with Stochastic Differential Equations},
  author={Meng, Chenlin and He, Yutong and Song, Yang and Song, Jiaming and Wu, Jiajun and Zhu, Jun-Yan and Ermon, Stefano},
  journal={International Conference on Learning Representations},
  year={2021}
}

@article{blended2022,
  title={Blended Diffusion for Text-Driven Editing of Natural Images},
  author={Avrahami, Omri and Lischinski, Dani and Fried, Ohad},
  journal={Proceedings of the IEEE/CVF Conference on Computer Vision and Pattern Recognition},
  pages={18208--18218},
  year={2022}
}

@inproceedings{makeascene2022,
  title={Make-A-Scene: Scene-Based Text-to-Image Generation with Human Priors},
  author={Gafni, Oran and Polyak, Adam and Ashual, Oron and Sheynin, Shelly and Parikh, Devi and Taigman, Yaniv},
  booktitle={European Conference on Computer Vision (ECCV)},
  pages={89--106},
  year={2022},
  organization={Springer}
}

@article{spatext2022,
  title={Spatext: Spatio-Textual Representation for Controllable Image Generation},
  author={Avrahami, Omri and Hayes, Thomas and Gafni, Oran and Gupta, Sonal and Taigman, Yaniv and Parikh, Devi and Lischinski, Dani and Fried, Ohad and Yin, Xi},
  journal={arXiv preprint arXiv:2211.14305},
  year={2022}
}

@inproceedings{gligen2023,
  title={GLIGEN: Open-Set Grounded Text-to-Image Generation},
  author={Li, Yuheng and Liu, Haotian and Wu, Qingyang and Mu, Fangzhou and Yang, Jianwei and Gao, Jianfeng and Li, Chunyuan and Lee, Yong Jae},
  year={2023}
}

@article{textualinversion2022,
  title={An Image is Worth One Word: Personalizing Text-to-Image Generation Using Textual Inversion},
  author={Gal, Rinon and Alaluf, Yuval and Atzmon, Yuval and Patashnik, Or and Bermano, Amit H and Chechik, Gal and Cohen-Or, Daniel},
  journal={arXiv preprint arXiv:2208.01618},
  year={2022}
}

@article{dreambooth2022,
  title={DreamBooth: Fine Tuning Text-to-Image Diffusion Models for Subject-Driven Generation},
  author={Ruiz, Nataniel and Li, Yuanzhen and Jampani, Varun and Pritch, Yael and Rubinstein, Michael and Aberman, Kfir},
  journal={arXiv preprint arXiv:2208.12242},
  year={2022}
}

@article{promptedit2022,
  title={InstructPix2Pix: Learning to Follow Image Editing Instructions},
  author={Brooks, Tim and Holynski, Aleksander and Efros, Alexei A},
  journal={arXiv preprint arXiv:2211.09800},
  year={2022}
}

@inproceedings{sketchdiffusion2022,
  title={Sketch-Guided Text-to-Image Diffusion Models},
  author={Voynov, Andrey and Abernan, Kfir and Cohen-Or, Daniel},
  year={2022}
}

@article{multidiffusion2023,
  title={MultiDiffusion: Fusing Diffusion Paths for Controlled Image Generation},
  author={Bar-Tal, Omer and Yariv, Lior and Lipman, Yaron and Dekel, Tali},
  journal={arXiv preprint arXiv:2302.08113},
  year={2023}
}

@misc{zhang2023forgetmenot,
    title={{Forget-Me-Not: Learning to Forget in Text-to-Image Diffusion Models}},
    author={Eric Zhang and Kai Wang and Xingqian Xu and Zhangyang Wang and Humphrey Shi},
    year={2023},
    eprint={2303.17591},
    archivePrefix={arXiv},
    primaryClass={cs.CV},
    doi={10.48550/arXiv.2303.17591},
    note={\url{https://doi.org/10.48550/arXiv.2303.17591}},
    submissionDate={Thu, 30 Mar 2023 17:58:11 UTC},
}

@misc{saharia2022palette,
  title={{Palette: Image-to-image diffusion models}},
  author={Chitwan Saharia and William Chan and Huiwen Chang and Chris Lee and Junyanz Ho and Tim Salimans and David J. Fleet and Mohammad Norouzi},
  year={2022},
  eprint={2204.02641},
  archivePrefix={arXiv},
  primaryClass={cs.CV}
}

@misc{sasaki2021unitddpm,
  title={{UNIT-DDPM: Unpaired Image Translation with Denoising Diffusion Probabilistic Models}},
  author={Hiroshi Sasaki and Chris G. Willcocks and Toby P. Breckon},
  year={2021},
  eprint={2104.05358},
  archivePrefix={arXiv},
  primaryClass={cs.CV}
}

@misc{zhao2022egsde,
  title={{EGSDE: Unpaired Image-to-Image Translation via Energy-Guided Stochastic Differential Equations}},
  author={Mengyu Zhao and Fangzhou Bao and Chongxuan Li and Jun Zhu},
  year={2022},
  eprint={2207.06635},
  archivePrefix={arXiv},
  primaryClass={cs.CV}
}

@misc{wang2022pretraining,
  title={{Pretraining is All You Need for Image-to-Image Translation}},
  author={Tinghui Wang and Tao Zhang and Bo Zhang and Han Ouyang and Dingcheng Chen and Qifeng Chen and Fang Wen},
  year={2022},
  eprint={2205.12952},
  archivePrefix={arXiv},
  primaryClass={cs.CV}
}

@misc{li2022vqbb,
  title={{VQBB: Image-to-image Translation with Vector Quantized Brownian Bridge}},
  author={Baoyang Li and Kai Xue and Bingyang Liu and Yong-Jin Liu},
  year={2022},
  eprint={2205.07680},
  archivePrefix={arXiv},
  primaryClass={cs.CV}
}

@misc{wolleb2022multitask,
  title={{The Swiss Army Knife for Image-to-Image Translation: Multi-Task Diffusion Models}},
  author={Janis Wolleb and Raphael Sandkühler and Fabian Bieder and Philippe C. Cattin},
  year={2022},
  eprint={2204.02641},
  archivePrefix={arXiv},
  primaryClass={cs.CV}
}

@article{rombach2022highresolution,
  title={High-Resolution Image Synthesis with Latent Diffusion Models},
  author={Rombach, Robin and Blattmann, Andreas and Lorenz, Dominik and Esser, Patrick and Ommer, Bj{\"o}rn},
  journal={CVPR},
  year={2022}
}

@inproceedings{gu2022vector,
  title={Vector quantized diffusion model for text-to-image synthesis},
  author={Gu, Shuyang and Chen, Dong and Bao, Jianmin and Wen, Fang and Zhang, Bo and Chen, Dongdong and Yuan, Lu and Guo, Baining},
  booktitle={CVPR},
  pages={10696--10706},
  year={2022}
}

@inproceedings{avrahami2022blended,
  title={Blended diffusion for text-driven editing of natural images},
  author={Avrahami, Omri and Lischinski, Dani and Fried, Ohad},
  booktitle={CVPR},
  pages={18208--18218},
  year={2022}
}

@article{radford2021learning,
  title={Learning Transferable Visual Models From Natural Language Supervision},
  author={Radford, Alec and Kim, Jong Wook and Hallacy, Chris and Ramesh, Aditya and Goh, Gabriel and Agarwal, Sandhini and Sastry, Girish and Askell, Amanda and Mishkin, Pamela and Clark, Jack and others},
  journal={ICML},
  volume={139},
  pages={8748--8763},
  year={2021}
}

@article{shi2022divae,
  title={DiVAE: Photorealistic Image Synthesis with Denoising Diffusion Decoder},
  author={Shi, Jiahui and Wu, Chengze and Liang, Jian and Liu, Xiaodan and Duan, Nan},
  journal={arXiv preprint arXiv:2206.00386},
  year={2022}
}

@article{nichol2021improved,
  title={Improved Denoising Diffusion Probabilistic Models},
  author={Nichol, Alexander Quinn and Dhariwal, Prafulla},
  journal={ICML},
  pages={8162--8171},
  year={2021}
}

@article{blattmann2022retrieval,
  title={Retrieval-Augmented Diffusion Models},
  author={Blattmann, Andreas and Rombach, Robin and Oktay, Kaan and Ommer, Bj{\"o}rn},
  journal={arXiv preprint arXiv:2204.11824},
  year={2022}
}

@article{rombach2022textguided,
  title={Text-Guided Synthesis of Artistic Images with Retrieval-Augmented Diffusion Models},
  author={Rombach, Robin and Blattmann, Andreas and Ommer, Bj{\"o}rn},
  journal={arXiv preprint arXiv:2207.13038},
  year={2022}
}

@article{jiang2022text2human,
  title={Text2Human: Text-Driven Controllable Human Image Generation},
  author={Jiang, Yining and Yang, Seunghwan and Qiu, He and Wu, Wei and Loy, Chen Change and Liu, Ziwei},
  journal={ACM Transactions on Graphics},
  volume={41},
  number={4},
  pages={1--11},
  year={2022}
}

@article{oord2017neural,
  title={Neural Discrete Representation Learning},
  author={van den Oord, Aaron and Vinyals, Oriol and Kavukcuoglu, Koray},
  journal={NIPS},
  volume={30},
  pages={6309--6318},
  year={2017}
}

@article{reimers2019sentencebert,
  title={Sentence-BERT: Sentence Embeddings using Siamese BERT-Networks},
  author={Reimers, Nils and Gurevych, Iryna},
  journal={EMNLP},
  pages={3982--3992},
  year={2019}
}

@inproceedings{Meng2021SDEdit,
  title={SDEdit: Guided Image Synthesis and Editing with Stochastic Differential Equations},
  author={Meng, Chong and Song, Yang and Song, Jiaming and Wu, Jian and Zhu, Jun-Yan and Ermon, Stefano},
  booktitle={Proceedings of the International Conference on Learning Representations (ICLR)},
  year={2021}
}

@article{Avrahami2022BlendedLatent,
  title={Blended Latent Diffusion},
  author={Avrahami, Omri and Fried, Ohad and Lischinski, Dani},
  journal={arXiv preprint arXiv:2206.02779},
  year={2022}
}

@misc{poole2022dreamfusion,
      title={DreamFusion: Text-to-3D using 2D Diffusion}, 
      author={Ben Poole and Ajay Jain and Jonathan T. Barron and Ben Mildenhall},
      year={2022},
      eprint={2209.14988},
      archivePrefix={arXiv},
      primaryClass={cs.CV},
      doi={10.48550/arXiv.2209.14988},
      note={Submitted on 29 Sep 2022 (v1), last revised version},
      url={https://doi.org/10.48550/arXiv.2209.14988},
      comment={see project page at this https URL}
}

@article{Inoue2023LayoutDM,
  title={LayoutDM: Discrete Diffusion Model for Controllable Layout Generation},
  author={Naoto Inoue and Kotaro Kikuchi and Edgar Simo-Serra and Mayu Otani and Kota Yamaguchi},
  journal={arXiv:2303.08137},
  year={2023},
  note={To be published in CVPR2023},
  url={https://doi.org/10.48550/arXiv.2303.08137}
}

@inproceedings{Singer2023MakeAV,
  title={Make-a-video: Text-to-video generation without text-video data},
  author={U. Singer and A. Polyak and T. Hayes and X. Yin and J. An and S. Zhang and Q. Hu and H. Yang and O. Ashual and O. Gafni et al.},
  booktitle={ICLR},
  year={2023}
}

@inproceedings{Ho2022VideoDM,
  title={Video diffusion models},
  author={J. Ho and T. Salimans and A. Gritsenko and W. Chan and M. Norouzi and D. J. Fleet},
  booktitle={NeurIPS},
  year={2022}
}

@article{Ho2022ImagenVH,
  title={Imagen video: High definition video generation with diffusion models},
  author={J. Ho and W. Chan and C. Saharia and J. Whang and R. Gao and A. Gritsenko and D. P. Kingma and B. Poole and M. Norouzi and D. J. Fleet et al.},
  journal={arXiv:2210.02303},
  year={2022}
}

@inproceedings{Luo2023VideofusionDD,
  title={Videofusion: Decomposed diffusion models for high-quality video generation},
  author={Z. Luo and D. Chen and Y. Zhang and Y. Huang and L. Wang and Y. Shen and D. Zhao and J. Zhou and T. Tan},
  booktitle={CVPR},
  year={2023}
}

@article{Wu2023TuneAV,
  title={Tune-a-video: One-shot tuning of image diffusion models for text-to-video generation},
  author={J. Z. Wu and Y. Ge and X. Wang and W. Lei and Y. Gu and W. Hsu and Y. Shan and X. Qie and M. Z. Shou},
  journal={ICCV},
  year={2023}
}

@inproceedings{Esser2023StructureAC,
  title={Structure and content-guided video synthesis with diffusion models},
  author={P. Esser and J. Chiu and P. Atighehchian and J. Granskog and A. Germanidis},
  booktitle={ICCV},
  year={2023}
}

@article{Molad2023DreamixVD,
  title={Dreamix: Video diffusion models are general video editors},
  author={E. Molad and E. Horwitz and D. Valevski and A. R. Acha and Y. Matias and Y. Pritch and Y. Leviathan and Y. Hoshen},
  journal={arXiv:2302.01329},
  year={2023}
}

@article{Hu2023LamdLV,
  title={Lamd: Latent motion diffusion for video generation},
  author={Y. Hu and Z. Chen and C. Luo},
  journal={arXiv:2304.11603},
  year={2023}
}

@inproceedings{Mei2023VidmVI,
  title={Vidm: Video implicit diffusion models},
  author={K. Mei and V. Patel},
  booktitle={AAAI},
  year={2023}
}

@article{Zhu2023MoviefactoryAM,
  title={Moviefactory: Automatic movie creation from text using large generative models for language and images},
  author={J. Zhu and H. Yang and H. He and W. Wang and Z. Tuo and W.-H. Cheng and L. Gao and J. Song and J. Fu},
  journal={arXiv:2306.07257},
  year={2023}
}

@article{Guo2023AnimatediffAY,
  title={Animatediff: Animate your personalized text-to-image diffusion models without specific tuning},
  author={Y. Guo and C. Yang and A. Rao and Y. Wang and Y. Qiao and D. Lin and B. Dai},
  journal={arXiv:2307.04725},
  year={2023}
}

@article{Yang2023ProbabilisticAO,
  title={Probabilistic adaptation of text-to-video models},
  author={M. Yang and Y. Du and B. Dai and D. Schuurmans and J. B. Tenenbaum and P. Abbeel},
  journal={arXiv:2306.01872},
  year={2023}
}

@article{He2023AnimateAS,
  title={Animate-a-story: Storytelling with retrieval-augmented video generation},
  author={Y. He and M. Xia and H. Chen and X. Cun and Y. Gong and J. Xing and Y. Zhang and X. Wang and C. Weng and Y. Shan et al.},
  journal={arXiv:2307.06940},
  year={2023}
}

@article{Xing2023SimdaSA,
  title={Simda: Simple diffusion adapter for efficient video generation},
  author={Z. Xing and Q. Dai and H. Hu and Z. Wu and Y.-G. Jiang},
  journal={arXiv:2308.09710},
  year={2023}
}